@article{ura,
  author  = {友洋,西村 and 雄大,樋口 and 弘純,山口 and 輝夫,東野},
  title   = {スマートフォンを活用した屋内環境における混雑センシング},
  journal = {情報処理学会論文誌},
  year    = {2014},
  volume  = {55},
  number  = {12},
  pages   = {2511--2523},
  month   = {dec}
}

@inproceedings{iwa,
  author    = {岩井 and others},
  title     = {M-013 コミュニティによるスマートフォンを利用した騒音センシングシステムの構築},
  booktitle = {情報科学技術フォーラム講演論文集},
  year      = {2011},
  volume    = {10},
  number    = {4},
  pages     = {293--294},
  month     = {sep}
}

@inproceedings{matsu,
  author    = {裕貴,松田 and 豊,荒川 and 慶一,安本},
  title     = {多様なユースケースに対応可能なユーザ参加型モバイルセンシング基盤の実装と評価},
  booktitle = {マルチメディア，分散協調とモバイルシンポジウム2016論文集},
  year      = {2016},
  volume    = {2016},
  number    = {},
  pages     = {1042--1050},
  month     = {jul}
}

@article{weko,
  author  = {正倫,下坂},
  title   = {クラウドソーシングの現状と可能性：3．クラウドセンシングの研究動向},
  journal = {情報処理},
  year    = {2015},
  volume  = {56},
  number  = {9},
  pages   = {891--894},
  month   = {aug}
}

@inproceedings{hoso,
  author    = {諒,細川 and 陽,白石},
  title     = {利用者の歩行特性と乗降車順を考慮したバス内混雑状況推定手法の提案},
  booktitle = {第82回全国大会講演論文集},
  year      = {2020},
  volume    = {2020},
  number    = {1},
  pages     = {221--222},
  month     = {feb}
}

@article{paku,
  author  = {斌,朴 and 健郎,相原},
  title   = {クラウドソースによるモバイルセンシングを用いた路面状況推定},
  journal = {情報処理学会論文誌},
  year    = {2018},
  volume  = {59},
  number  = {10},
  pages   = {1784--1793},
  month   = {oct}
}

@misc{soumu,
  author       = {},
  title        = {総務省｜令和元年版 情報通信白書｜情報通信機器の保有状況},
  howpublished = {\url{https://www.soumu.go.jp/johotsusintokei/whitepaper/ja/r01/html/nd232110.html}},
  month        = {},
  year         = {},
  note         = {(Accessed on 01/23/2021)}
}

@article{liu,
  author     = {Liu, Jinwei and Shen, Haiying and Narman, Husnu S. and Chung, Wingyan and Lin, Zongfang},
  title      = {A Survey of Mobile Crowdsensing Techniques: A Critical Component for The Internet of Things},
  year       = {2018},
  issue_date = {July 2018},
  publisher  = {Association for Computing Machinery},
  address    = {New York, NY, USA},
  volume     = {2},
  number     = {3},
  issn       = {2378-962X},
  url        = {https://doi.org/10.1145/3185504},
  doi        = {10.1145/3185504},
  abstract   = {Mobile crowdsensing serves as a critical building block for emerging Internet of Things (IoT) applications. However, the sensing devices continuously generate a large amount of data, which consumes much resources (e.g., bandwidth, energy, and storage) and may sacrifice the Quality-of-Service (QoS) of applications. Prior work has demonstrated that there is significant redundancy in the content of the sensed data. By judiciously reducing redundant data, data size and load can be significantly reduced, thereby reducing resource cost and facilitating the timely delivery of unique, probably critical information and enhancing QoS. This article presents a survey of existing works on mobile crowdsensing strategies with an emphasis on reducing resource cost and achieving high QoS. We start by introducing the motivation for this survey and present the necessary background of crowdsensing and IoT. We then present various mobile crowdsensing strategies and discuss their strengths and limitations. Finally, we discuss future research directions for mobile crowdsensing for IoT. The survey addresses a broad range of techniques, methods, models, systems, and applications related to mobile crowdsensing and IoT. Our goal is not only to analyze and compare the strategies proposed in prior works, but also to discuss their applicability toward the IoT and provide guidance on future research directions for mobile crowdsensing.},
  journal    = {ACM Trans. Cyber-Phys. Syst.},
  month      = jun,
  articleno  = {18},
  numpages   = {26},
  keywords   = {cost-effectiveness, quality of service, Mobile crowdsensing, Internet of Things, redundancy elimination}
}

@inproceedings{jaya,
  author    = {Jayarajah, Kasthuri and Balan, Rajesh Krishna and Radhakrishnan, Meera and Misra, Archan and Lee, Youngki},
  title     = {LiveLabs: Building In-Situ Mobile Sensing \& Behavioural Experimentation TestBeds},
  year      = {2016},
  isbn      = {9781450342698},
  publisher = {Association for Computing Machinery},
  address   = {New York, NY, USA},
  url       = {https://doi.org/10.1145/2906388.2906400},
  doi       = {10.1145/2906388.2906400},
  abstract  = {In this paper, we present LiveLabs, a first-of-its-kind testbed that is deployed across a university campus, convention centre, and resort island and collects real-time attributes such as location, group context etc., from hundreds of opt-in participants. These venues, data, and participants are then made available for running rich human-centric behavioural experiments that could test new mobile sensing infrastructure, applications, analytics, or more social-science type hypotheses that influence and then observe actual user behaviour. We share case studies of how researchers from around the world have and are using LiveLabs, and our experiences and lessons learned from building, maintaining, and expanding Live-Labs over the last three years.},
  booktitle = {Proceedings of the 14th Annual International Conference on Mobile Systems, Applications, and Services},
  pages     = {1–15},
  numpages  = {15},
  keywords  = {experimentation, mobile sensing, testbed},
  location  = {Singapore, Singapore},
  series    = {MobiSys '16}
}

@article{Tangmunarunkit,
  author     = {Tangmunarunkit, H. and Hsieh, C. K. and Longstaff, B. and Nolen, S. and Jenkins, J. and Ketcham, C. and Selsky, J. and Alquaddoomi, F. and George, D. and Kang, J. and Khalapyan, Z. and Ooms, J. and Ramanathan, N. and Estrin, D.},
  title      = {Ohmage: A General and Extensible End-to-End Participatory Sensing Platform},
  year       = {2015},
  issue_date = {May 2015},
  publisher  = {Association for Computing Machinery},
  address    = {New York, NY, USA},
  volume     = {6},
  number     = {3},
  issn       = {2157-6904},
  url        = {https://doi.org/10.1145/2717318},
  doi        = {10.1145/2717318},
  abstract   = {Participatory sensing (PS) is a distributed data collection and analysis approach where individuals, acting alone or in groups, use their personal mobile devices to systematically explore interesting aspects of their lives and communities [Burke et al. 2006]. These mobile devices can be used to capture diverse spatiotemporal data through both intermittent self-report and continuous recording from on-board sensors and applications.Ohmage (http://ohmage.org) is a modular and extensible open-source, mobile to Web PS platform that records, stores, analyzes, and visualizes data from both prompted self-report and continuous data streams. These data streams are authorable and can dynamically be deployed in diverse settings. Feedback from hundreds of behavioral and technology researchers, focus group participants, and end users has been integrated into ohmage through an iterative participatory design process. Ohmage has been used as an enabling platform in more than 20 independent projects in many disciplines. We summarize the PS requirements, challenges and key design objectives learned through our design process, and ohmage system architecture to achieve those objectives. The flexibility, modularity, and extensibility of ohmage in supporting diverse deployment settings are presented through three distinct case studies in education, health, and clinical research.},
  journal    = {ACM Trans. Intell. Syst. Technol.},
  month      = apr,
  articleno  = {38},
  numpages   = {21},
  keywords   = {experience sampling, Participatory sensing, mobile data collection, clinical research, citizen science, educational tool, data sharing, mobile sensing}
}

@misc{ohmage,
  author       = {},
  title        = {ohmage | open data collection},
  howpublished = {\url{http://ohmage.org/}},
  month        = {},
  year         = {},
  note         = {(Accessed on 01/23/2021)}
}

@article{Ferreira,
  author  = {Ferreira, Denzil and Kostakos, Vassilis and Dey, Anind},
  year    = {2015},
  month   = {05},
  pages   = {},
  title   = {AWARE: Mobile Context Instrumentation Framework},
  volume  = {2},
  journal = {Frontiers in ICT},
  doi     = {10.3389/fict.2015.00006}
}

@misc{AWARE,
  author       = {},
  title        = {AWARE – Open-source Context Instrumentation Framework For Everyone},
  howpublished = {\url{https://awareframework.com/}},
  month        = {},
  year         = {},
  note         = {(Accessed on 01/23/2021)}
}

@article{ara,
  author  = {Arakawa, Yutaka and Matsuda, Yuki},
  year    = {2016},
  month   = {01},
  pages   = {31-38},
  title   = {Gamification Mechanism for Enhancing a Participatory Urban Sensing: Survey and Practical Results},
  volume  = {24},
  journal = {Journal of Information Processing},
  doi     = {10.2197/ipsjjip.24.31}
}

@article{mina,
  author  = {美奈,坂村 and 拓郎,米澤 and 友隆,伊藤 and 仁,中澤 and 英幸,徳田},
  title   = {MinaQn：市民参加型まちづくりのための参加型センシングWebプラットフォーム},
  journal = {情報処理学会論文誌},
  year    = {2016},
  volume  = {57},
  number  = {10},
  pages   = {2162--2174},
  month   = {oct}
}

@inproceedings{kawa,
  author    = {河中祥吾 and 松田裕貴 and 諏訪博彦 and 藤本まなと and 荒川豊 and 安本慶一},
  title     = {観光客参加型センシングによる観光情報収集におけるゲーミフィケーションの有効性調査},
  booktitle = {マルチメディア，分散協調とモバイルシンポジウム2018論文集},
  year      = {2018},
  volume    = {2018},
  number    = {},
  pages     = {145--151},
  month     = {jun}
}

@misc{Parmo,
  author       = {},
  title        = {ParmoSense | top},
  howpublished = {\url{https://ubi-naist.github.io/ParmoSense/}},
  month        = {},
  year         = {},
  note         = {(Accessed on 01/23/2021)}
}

@article{iwamoto,
  author  = {岩本健嗣 and 杉森大輔 and 松本三千人},
  title   = {3軸加速度センサを用いた歩行者推定手法},
  journal = {情報処理学会論文誌},
  year    = {2014},
  volume  = {55},
  number  = {2},
  pages   = {739--749},
  month   = {feb}
}

@techreport{nari,
  author      = {成元椋祐 and 梶田宗吾 and 山口弘純 and 東野輝夫},
  title       = {スマートフォンを用いた興味行動のセンシング},
  year        = {2018},
  institution = {大阪大学大学院情報科学研究科, 大阪大学大学院情報科学研究科, 大阪大学大学院情報科学研究科, 大阪大学大学院情報科学研究科},
  number      = {49},
  month       = {feb}
}

@inproceedings{nami,
  author    = {並木渉 and 市野将嗣 and 笠原弘樹 and 吉井英樹 and 吉浦裕},
  title     = {スマートフォンの気圧センサと気象情報を用いた高度推定手法},
  booktitle = {マルチメディア、分散協調とモバイルシンポジウム2013論文集},
  year      = {2013},
  volume    = {2013},
  number    = {},
  pages     = {1133--1139},
  month     = {jul}
}

@techreport{suzuki,
  author      = {鈴木惇也 and 秋山征己 and 田中博 and 五百蔵重典},
  title       = {スマートフォン内蔵センサを用いた歩行位置推定に関する基本実験と評価},
  year        = {2012},
  institution = {神奈川工科大学情報学部情報工学科, 神奈川工科大学情報工学専攻, 神奈川工科大学情報工学専攻, 神奈川工科大学情報工学専攻},
  number      = {10},
  month       = {nov}
}

@techreport{taka,
  author      = {高藤巧 and 樋口雄大 and 山口弘純 and 東野輝夫},
  title       = {スマートフォン利用者の迷い行動の検出に関する一検討},
  year        = {2016},
  institution = {大阪大学大学院情報科学研究科, 大阪大学大学院情報科学研究科, 大阪大学大学院情報科学研究科, 大阪大学大学院情報科学研究科},
  number      = {1},
  month       = {feb}
}

@techreport{yone,
  author      = {米田圭佑 and 望月祐洋 and 西尾信彦},
  title       = {気圧センシングを用いた行動認識手法},
  year        = {2014},
  institution = {立命館大学大学院情報理工学研究科, 立命館大学総合科学技術研究機構, 立命館大学情報理工学部},
  number      = {14},
  month       = {mar}
}

@inproceedings{suyama,
  author    = {A. {Suyama} and U. {Inoue}},
  booktitle = {2016 IEEE/ACIS 15th International Conference on Computer and Information Science (ICIS)},
  title     = {Using geofencing for a disaster information system},
  year      = {2016},
  volume    = {},
  number    = {},
  pages     = {1-5},
  doi       = {10.1109/ICIS.2016.7550849}
}

@inproceedings{yoshida,
  author    = {吉田崇洋 and 田口大悟 and 井口信和},
  title     = {位置情報に基づくウェアラブルデバイス向け農作業支援システムにおける農作業記録作成機能の開発},
  booktitle = {2016年度 情報処理学会関西支部 支部大会 講演論文集},
  year      = {2016},
  volume    = {2016},
  number    = {},
  month     = {sep}
}

@misc{facebook,
  author       = {},
  title        = {フェイスブックCEO「私の過ち」　米議会で謝罪: 日本経済新聞},
  howpublished = {\url{https://www.nikkei.com/article/DGXMZO29242870R10C18A4000000}},
  month        = {},
  year         = {},
  note         = {(Accessed on 01/23/2021)}
}

@misc{GDPR,
  author       = {},
  title        = {GDPR},
  howpublished = {\url{https://www.ppc.go.jp/enforcement/infoprovision/laws/GDPR/}},
  month        = {},
  year         = {},
  note         = {(Accessed on 01/23/2021)}
}

@misc{naigai,
  author       = {},
  title        = {【第2回】点の多角形に対する内外判定｜【技業LOG】技術者が紹介するNTTPCのテクノロジー｜【公式】NTTPC},
  howpublished = {\url{https://www.nttpc.co.jp/technology/number_algorithm.html}},
  month        = {},
  year         = {},
  note         = {(Accessed on 01/28/2021)}
}

@misc{geojson,
  author       = {},
  title        = {geojson.io},
  howpublished = {\url{http://geojson.io/#map=2/20.0/0.0}},
  month        = {},
  year         = {},
  note         = {(Accessed on 01/28/2021)}
}


@book{ziten,
  author    = {山崎昶},
  title     = {法則の辞典},
  publisher = {朝倉書店},
  year      = {2006},
  pages     = {393},
  url       = {https://ci.nii.ac.jp/ncid/BA7838617X}
}

@misc{5G4G,
  author       = {},
  title        = {5Gと4Gで何が変わる？ | 法人のお客さま | ソフトバンク},
  howpublished = {\url{https://www.softbank.jp/biz/5g/column3/#biz-5g-01_02}},
  month        = {},
  year         = {},
  note         = {(Accessed on 01/30/2021)}
}

@misc{amedas,
  author       = {},
  title        = {気象庁 | アメダス},
  howpublished = {\url{https://www.jma.go.jp/bosai/amedas/#area_type=japan&area_code=010000}},
  month        = {},
  year         = {},
  note         = {(Accessed on 01/23/2022)}
}

@misc{S-net,
  author       = {},
  title        = {NIED |海底地震津波観測網|日本海溝海底地震津波観測網：S-net},
  howpublished = {\url{https://www.seafloor.bosai.go.jp/S-net/}},
  month        = {},
  year         = {},
  note         = {(Accessed on 01/23/2022)}
}

@techreport{weko,
  author      = {天野,辰哉},
  title       = {スマートシティ実現に向けたクラウドセンシングによる空間情報の収集に関する研究},
  year        = {2021},
  institution = {大阪大学大学院情報科学研究科},
  number      = {5},
  month       = {nov}
}